                                                                                                                                                                                                                                                                                                                                                                                                              
@book{landau_binder_2014, 
place={Cambridge}, 
edition={4}, 
title={A Guide to Monte Carlo Simulations in Statistical Physics}, 
DOI={10.1017/CBO9781139696463}, 
publisher={Cambridge University Press}, 
author={Landau, David P. and Binder, Kurt}, 
year={2014}
}
@article{casado2017improvements,
  title={Improvements to Inference Compilation for Probabilistic Programming in Large-Scale Scientific Simulators},
  author={Casado, Mario Lezcano and Baydin, Atilim Gunes and Rubio, David Mart{\'\i}nez and Le, Tuan Anh and Wood, Frank and Heinrich, Lukas and Louppe, Gilles and Cranmer, Kyle and Ng, Karen and Bhimji, Wahid and others},
  journal={arXiv preprint arXiv:1712.07901},
  year={2017}
}
@article{beier1994plasmodium,
  title={Plasmodium falciparum incidence relative to entomologic inoculation rates at a site proposed for testing malaria vaccines in western Kenya},
  author={Beier, John C and Oster, Charles N and Onyango, Fred K and Bales, James D and Sherwood, James A and Perkins, Peter V and Chumo, David K and Koech, Davy V and Whitmire, Richard E and Roberts, Clifford R and others},
  journal={The American journal of tropical medicine and hygiene},
  volume={50},
  number={5},
  pages={529--536},
  year={1994},
  publisher={ASTMH}
}
@article{feng2017learning,
  title={Learning to draw samples with amortized stein variational gradient descent},
  author={Feng, Yihao and Wang, Dilin and Liu, Qiang},
  journal={arXiv preprint arXiv:1707.06626},
  year={2017}
}

@ARTICLE{8588399,
author={C. {Zhang} and J. {Bütepage} and H. {Kjellström} and S. {Mandt}},
journal={IEEE Transactions on Pattern Analysis and Machine Intelligence},
title={Advances in Variational Inference},
year={2019},
volume={41},
number={8},
pages={2008-2026},
keywords={Bayes methods;Hidden Markov models;Computational modeling;Optimization;Probabilistic logic;Stochastic processes;Market research;Variational inference;approximate Bayesian inference;reparameterization gradients;structured variational approximations;scalable inference;inference networks},
doi={10.1109/TPAMI.2018.2889774},
ISSN={0162-8828},
month={Aug},}
@article{basseville2013divergence,
  title={Divergence measures for statistical data processing—An annotated bibliography},
  author={Basseville, Michele},
  journal={Signal Processing},
  volume={93},
  number={4},
  pages={621--633},
  year={2013},
  publisher={Elsevier}
}

@article{rezende2015variational,
  title={Variational inference with normalizing flows},
  author={Rezende, Danilo Jimenez and Mohamed, Shakir},
  journal={arXiv preprint arXiv:1505.05770},
  year={2015}
}

@article{smith2008estimation,
  title={Estimation of heterogeneity in malaria transmission by stochastic modelling of apparent deviations from mass action kinetics},
  author={Smith, Thomas A},
  journal={Malaria journal},
  volume={7},
  number={1},
  pages={12},
  year={2008},
  publisher={BioMed Central}
}

@article{smith2006mathematical,
  title={Mathematical modeling of the impact of malaria vaccines on the clinical epidemiology and natural history of Plasmodium falciparum malaria: Overview},
  author={Smith, Thomas and Killeen, Gerry F and Maire, Nicolas and Ross, Amanda and Molineaux, Louis and Tediosi, Fabrizio and Hutton, Guy and Utzinger, J{\"u}rg and Dietz, Klaus and Tanner, Marcel},
  journal={The American journal of tropical medicine and hygiene},
  volume={75},
  number={2\_suppl},
  pages={1--10},
  year={2006},
  publisher={ASTMH}
}
@article{maire2006model,
  title={A model for natural immunity to asexual blood stages of Plasmodium falciparum malaria in endemic areas},
  author={Maire, Nicolas and Smith, Thomas and Ross, Amanda and Owusu-Agyei, Seth and Dietz, Klaus and Molineaux, Louis},
  journal={The American journal of tropical medicine and hygiene},
  volume={75},
  number={2\_suppl},
  pages={19--31},
  year={2006},
  publisher={ASTMH}
}

@article{raberto2001agent,
  title={Agent-based simulation of a financial market},
  author={Raberto, Marco and Cincotti, Silvano and Focardi, Sergio M and Marchesi, Michele},
  journal={Physica A: Statistical Mechanics and its Applications},
  volume={299},
  number={1-2},
  pages={319--327},
  year={2001},
  publisher={Elsevier}
}
@article{van2018introduction,
  title={An introduction to probabilistic programming},
  author={van de Meent, Jan-Willem and Paige, Brooks and Yang, Hongseok and Wood, Frank},
  journal={arXiv preprint arXiv:1809.10756},
  year={2018}
}
@article{tran2017deep,
  title={Deep probabilistic programming},
  author={Tran, Dustin and Hoffman, Matthew D and Saurous, Rif A and Brevdo, Eugene and Murphy, Kevin and Blei, David M},
  journal={arXiv preprint arXiv:1701.03757},
  year={2017}
}

@article{hartig2011statistical,
  title={Statistical inference for stochastic simulation models--theory and application},
  author={Hartig, Florian and Calabrese, Justin M and Reineking, Bj{\"o}rn and Wiegand, Thorsten and Huth, Andreas},
  journal={Ecology letters},
  volume={14},
  number={8},
  pages={816--827},
  year={2011},
  publisher={Wiley Online Library}
}


@inproceedings{milch2005blog,
  title={BLOG: probabilistic models with unknown objects},
  author={Milch, Brian and Marthi, Bhaskara and Russell, Stuart and Sontag, David and Ong, Daniel L and Kolobov, Andrey},
  booktitle={Proceedings of the 19th international joint conference on Artificial intelligence},
  pages={1352--1359},
  year={2005},
  organization={Morgan Kaufmann Publishers Inc.}
}

@article{refugees_2030,
  title = {The 2030 Agenda for Sustainable Development},
  url = {https://www.refworld.org/docid/57b6e3e44.html},
  author = {Refugees, United Nations High Commissioner for},
  year = {2017},
  urldate = {2019-04-24},
}
@article{smith2006relationship,
  title={Relationship between the entomologic inoculation rate and the force of infection for Plasmodium falciparum malaria},
  author={Smith, Thomas and Maire, Nicolas and Dietz, Klaus and Killeen, Gerry F and Vounatsou, Penelope and Molineaux, Louis and Tanner, Marcel},
  journal={The American journal of tropical medicine and hygiene},
  volume={75},
  number={2\_suppl},
  pages={11--18},
  year={2006},
  publisher={ASTMH}
}

@article{zhou2019lf,
  title={LF-PPL: A Low-Level First Order Probabilistic Programming Language for Non-Differentiable Models},
  author={Zhou*, Yuan and Gram-Hansen*, Bradley J and Kohn, Tobias and Rainforth, Tom and Yang, Hongseok and Wood, Frank},
  journal={arXiv preprint arXiv:1903.02482},
  year={2019}
}

@article{gleisberg2009event,
  title={Event generation with SHERPA 1.1},
  author={Gleisberg, Tanju and H{\"o}che, Stefan and Krauss, F and Sch{\"o}nherr, M and Schumann, S and Siegert, F and Winter, J},
  journal={Journal of High Energy Physics},
  volume={2009},
  number={02},
  pages={007},
  year={2009},
  publisher={IOP Publishing}
}

@inproceedings{kass1990rapid,
  title={Rapid, stable fluid dynamics for computer graphics},
  author={Kass, Michael and Miller, Gavin},
  booktitle={ACM Siggraph Computer Graphics},
  volume={24},
  number={4},
  pages={49--57},
  year={1990},
  organization={ACM}
}

@techreport{judd2009numerically,
  title={Numerically stable stochastic simulation approaches for solving dynamic economic models},
  author={Judd, Kenneth and Maliar, Lilia and Maliar, Serguei},
  year={2009},
  institution={National Bureau of Economic Research}
}


@article{di2015simulator,
  title={A simulator for human error probability analysis},
  author={Di Pasquale, Valentina and Miranda, Salvatore and Iannone, Raffaele and Riemma, Stefano},
  journal={Reliability Engineering \& System Safety},
  volume={139},
  pages={17--32},
  year={2015},
  publisher={Elsevier}
}

@article{geyer1992practical,
  title={Practical markov chain monte carlo},
  author={Geyer, Charles J},
  journal={Statistical science},
  pages={473--483},
  year={1992},
  publisher={JSTOR}
}

@book{schaling2011boost,
  title={The boost C++ libraries},
  author={Sch{\"a}ling, Boris},
  year={2011},
  publisher={Boris Sch{\"a}ling}
}
@phdthesis{rainforth2017automating,
  title={Automating Inference, Learning, and Design using Probabilistic Programming},
  author={Rainforth, Tom}
}
@inproceedings{paszke2017automatic,
  title={Automatic differentiation in PyTorch},
  author={Paszke, Adam and Gross, Sam and Chintala, Soumith and Chanan, Gregory and Yang, Edward and DeVito, Zachary and Lin, Zeming and Desmaison, Alban and Antiga, Luca and Lerer, Adam},
  booktitle={NIPS-W},
  year={2017}
}
@article{wainwright2008graphical,
  title={Graphical models, exponential families, and variational inference},
  author={Wainwright, Martin J and Jordan, Michael I and others},
  journal={Foundations and Trends{\textregistered} in Machine Learning},
  volume={1},
  number={1--2},
  pages={1--305},
  year={2008},
  publisher={Now Publishers, Inc.}
}

@book{Goodfellow:2016:DL:3086952,
 author = {Goodfellow, Ian and Bengio, Yoshua and Courville, Aaron},
 title = {Deep Learning},
 year = {2016},
 isbn = {0262035618, 9780262035613},
 publisher = {The MIT Press},
} 
[download]
@inproceedings{ranganath2014black,
  title={Black box variational inference},
  author={Ranganath, Rajesh and Gerrish, Sean and Blei, David},
  booktitle={Artificial Intelligence and Statistics},
  pages={814--822},
  year={2014}
}
@article{geyer1992practical,
  title={Practical markov chain monte carlo},
  author={Geyer, Charles J},
  journal={Statistical science},
  pages={473--483},
  year={1992},
  publisher={JSTOR}
}
@article{un_sustainable2018,
  title = {The Sustainable Development Goals Report 2018},
  url = {https://doi.org/10.18356/7d014b41-en},
  type = {Text},
  author = {{UN}},
  urldate = {2019-04-24},
  year = {2018},
}
@article{bershteyn2018implementation,
  title={Implementation and applications of EMOD, an individual-based multi-disease modeling platform},
  author={Bershteyn, Anna and Gerardin, Jaline and Bridenbecker, Daniel and Lorton, Christopher W and Bloedow, Jonathan and Baker, Robert S and Chabot-Couture, Guillaume and Chen, Ye and Fischle, Thomas and Frey, Kurt and others},
  journal={Pathogens and disease},
  volume={76},
  number={5},
  pages={fty059},
  year={2018},
  publisher={Oxford University Press}
}
@article{bingham2019pyro,
  title={Pyro: Deep universal probabilistic programming},
  author={Bingham, Eli and Chen, Jonathan P and Jankowiak, Martin and Obermeyer, Fritz and Pradhan, Neeraj and Karaletsos, Theofanis and Singh, Rohit and Szerlip, Paul and Horsfall, Paul and Goodman, Noah D},
  journal={The Journal of Machine Learning Research},
  volume={20},
  number={1},
  pages={973--978},
  year={2019},
  publisher={JMLR. org}
}
@article{goodman2012church,
  title={Church: a language for generative models},
  author={Goodman, Noah and Mansinghka, Vikash and Roy, Daniel M and Bonawitz, Keith and Tenenbaum, Joshua B},
  journal={arXiv preprint arXiv:1206.3255},
  year={2012}
}
@inproceedings{siddharth2017learning,
    title = {Learning Disentangled Representations with Semi-Supervised Deep Generative Models},
    author = {Siddharth, N. and Paige, Brooks and van de Meent, Jan-Willem and Desmaison, Alban and Goodman, Noah D. and Kohli, Pushmeet and Wood, 
Frank and Torr, Philip},
    booktitle = {Advances in Neural Information Processing Systems 30},
    editor = {I. Guyon and U. V. Luxburg and S. Bengio and H. Wallach and R. Fergus and S. Vishwanathan and R. Garnett},
    pages = {5927--5937},
    year = {2017},
    publisher = {Curran Associates, Inc.},
    url = {http://papers.nips.cc/paper/7174-learning-disentangled-representations-with-semi-supervised-deep-generative-models.pdf}
}
@inproceedings{wood2014new,
  title={A new approach to probabilistic programming inference},
  author={Wood, Frank and Meent, Jan Willem and Mansinghka, Vikash},
  booktitle={Artificial Intelligence and Statistics},
  pages={1024--1032},
  year={2014}
}
@article{le2016inference,
  title={Inference compilation and universal probabilistic programming},
  author={Le, Tuan Anh and Baydin, Atilim Gunes and Wood, Frank},
  journal={arXiv preprint arXiv:1610.09900},
  year={2016}
}
@article{baydin2018efficient,
	title={Efficient Probabilistic Inference in the Quest for Physics Beyond the Standard Model},
	author={Baydin, Atilim Gunes and Heinrich, Lukas and Bhimji, Wahid and Gram-Hansen, Bradley and Louppe, Gilles and Shao, Lei and Cranmer, Kyle and Wood, Frank and others},
	journal={arXiv preprint arXiv:1807.07706},
	year={2018}
}
@inproceedings{kozen1979semantics,
  title={Semantics of probabilistic programs},
  author={Kozen, Dexter},
  booktitle={Foundations of Computer Science, 1979., 20th Annual Symposium on},
  pages={101--114},
  year={1979},
  organization={IEEE}
}
@inproceedings{staton2016semantics,
  title={Semantics for probabilistic programming: higher-order functions, continuous distributions, and soft constraints},
  author={Staton, Sam and Yang, Hongseok and Wood, Frank and Heunen, Chris and Kammar, Ohad},
  booktitle={Proceedings of the 31st Annual ACM/IEEE Symposium on Logic in Computer Science},
  pages={525--534},
  year={2016},
  organization={ACM}
}
@article{merkel2014docker,
  title={Docker: lightweight linux containers for consistent development and deployment},
  author={Merkel, Dirk},
  journal={Linux Journal},
  volume={2014},
  number={239},
  pages={2},
  year={2014},
  publisher={Belltown Media}
}

@article{kurtzer2017singularity,
  title={Singularity: Scientific containers for mobility of compute},
  author={Kurtzer, Gregory M and Sochat, Vanessa and Bauer, Michael W},
  journal={PloS one},
  volume={12},
  number={5},
  pages={e0177459},
  year={2017},
  publisher={Public Library of Science}
}
@book{jackel2002monte,
  title={Monte Carlo Methods in Finance},
  author={J{\"a}ckel, P.},
  isbn={9780471497417},
  lccn={2001046997},
  series={The Wiley Finance Series},
  url={https://books.google.co.uk/books?id=jG6BQgAACAAJ},
  year={2002},
  publisher={Wiley}
}

@article{evensen1994sequential,
  title={Sequential data assimilation with a nonlinear quasi-geostrophic model using Monte Carlo methods to forecast error statistics},
  author={Evensen, Geir},
  journal={Journal of Geophysical Research: Oceans},
  volume={99},
  number={C5},
  pages={10143--10162},
  year={1994},
  publisher={Wiley Online Library}
}
@article{smith2008towards,
  title={Towards a comprehensive simulation model of malaria epidemiology and control},
  author={Smith, T and Maire, N and Ross, A and Penny, M and Chitnis, N and Schapira, A and Studer, A and Genton, B and Lengeler, C and Tediosi, Fabrizio and others},
  journal={Parasitology},
  volume={135},
  number={13},
  pages={1507--1516},
  year={2008},
  publisher={Cambridge University Press}
}
@book{world2016world,
  title={World malaria report 2015},
  author={World Health Organization},
  year={2016},
  publisher={World Health Organization}
}
@article{cameron2015defining,
  title={Defining the relationship between infection prevalence and clinical incidence of Plasmodium falciparum malaria},
  author={Cameron, Ewan and Battle, Katherine E and Bhatt, Samir and Weiss, Daniel J and Bisanzio, Donal and Mappin, Bonnie and Dalrymple, Ursula and Hay, Simon I and Smith, David L and Griffin, Jamie T and others},
  journal={Nature communications},
  volume={6},
  pages={8170},
  year={2015},
  publisher={Nature Publishing Group}
}

@inproceedings{gordon2014probabilistic,
  title={Probabilistic programming},
  author={Gordon, Andrew D and Henzinger, Thomas A and Nori, Aditya V and Rajamani, Sriram K},
  booktitle={Proceedings of the on Future of Software Engineering},
  pages={167--181},
  year={2014},
  organization={ACM}
}
@inproceedings{le-2016-inference,
  author = {Le, Tuan Anh and Baydin, Atılım Güneş and Wood, Frank},
  booktitle = {Proceedings of the 20th International Conference on Artificial Intelligence and Statistics (AISTATS)},
  title = {Inference Compilation and Universal Probabilistic Programming},
  year = {2017},
  volume = {54},
  pages = {1338--1348},
  series = {Proceedings of Machine Learning Research},
  address = {Fort Lauderdale, FL, USA},
  publisher = {PMLR}
}
@INPROCEEDINGS{Goodman08church:a,
    author = {Noah D. Goodman and Vikash K. Mansinghka and Daniel M. Roy and Keith Bonawitz and Joshua B. Tenenbaum},
    title = {Church: A language for generative models},
    booktitle = {In UAI},
    year = {2008},
    pages = {220--229}
}