
@book{landau_binder_2014, 
place={Cambridge}, 
edition={4}, 
title={A Guide to Monte Carlo Simulations in Statistical Physics}, 
DOI={10.1017/CBO9781139696463}, 
publisher={Cambridge University Press}, 
author={Landau, David P. and Binder, Kurt}, 
year={2014}
}

@book{jackel2002monte,
  title={Monte Carlo Methods in Finance},
  author={J{\"a}ckel, P.},
  isbn={9780471497417},
  lccn={2001046997},
  series={The Wiley Finance Series},
  url={https://books.google.co.uk/books?id=jG6BQgAACAAJ},
  year={2002},
  publisher={Wiley}
}

@article{evensen1994sequential,
  title={Sequential data assimilation with a nonlinear quasi-geostrophic model using Monte Carlo methods to forecast error statistics},
  author={Evensen, Geir},
  journal={Journal of Geophysical Research: Oceans},
  volume={99},
  number={C5},
  pages={10143--10162},
  year={1994},
  publisher={Wiley Online Library}
}
@article{smith2008towards,
  title={Towards a comprehensive simulation model of malaria epidemiology and control},
  author={Smith, T and Maire, N and Ross, A and Penny, M and Chitnis, N and Schapira, A and Studer, A and Genton, B and Lengeler, C and Tediosi, Fabrizio and others},
  journal={Parasitology},
  volume={135},
  number={13},
  pages={1507--1516},
  year={2008},
  publisher={Cambridge University Press}
}
@book{world2016world,
  title={World malaria report 2015},
  author={World Health Organization},
  year={2016},
  publisher={World Health Organization}
}

@inproceedings{gordon2014probabilistic,
  title={Probabilistic programming},
  author={Gordon, Andrew D and Henzinger, Thomas A and Nori, Aditya V and Rajamani, Sriram K},
  booktitle={Proceedings of the on Future of Software Engineering},
  pages={167--181},
  year={2014},
  organization={ACM}
}
@inproceedings{le-2016-inference,
  author = {Le, Tuan Anh and Baydin, Atılım Güneş and Wood, Frank},
  booktitle = {Proceedings of the 20th International Conference on Artificial Intelligence and Statistics (AISTATS)},
  title = {Inference Compilation and Universal Probabilistic Programming},
  year = {2017},
  volume = {54},
  pages = {1338--1348},
  series = {Proceedings of Machine Learning Research},
  address = {Fort Lauderdale, FL, USA},
  publisher = {PMLR}
}
@INPROCEEDINGS{Goodman08church:a,
    author = {Noah D. Goodman and Vikash K. Mansinghka and Daniel M. Roy and Keith Bonawitz and Joshua B. Tenenbaum},
    title = {Church: A language for generative models},
    booktitle = {In UAI},
    year = {2008},
    pages = {220--229}
}